<?xml version="1.0" encoding="UTF-8"?><collection xmlns="http://www.loc.gov/MARC21/slim"><record><leader>00564nam--2200133-i-4500</leader><controlfield tag="001">000004180</controlfield><controlfield tag="002">20161230</controlfield><controlfield tag="005">20161230201025</controlfield><controlfield tag="008">060222s1000------------r-----000-0-eng-d</controlfield><datafield ind1=" " ind2=" " tag="080"><subfield code="a">669.15</subfield></datafield><datafield ind1=" " ind2=" " tag="100"><subfield code="a">Bain, Edgar C</subfield></datafield><datafield ind1=" " ind2=" " tag="245"><subfield code="a">Function of the alloying elements in steel a series of five educational lectures on the fun ctions of the alloying elements in steel prese nted to membrs of the a.s.m. during the twent first national metal congress and exposition, chicago,illinois, oct</subfield></datafield><datafield ind1=" " ind2=" " tag="260"><subfield code="a">Cleveland,Ohio,American Society For Metals, 1939. 312 P</subfield></datafield><datafield ind1=" " ind2=" " tag="852"><subfield code="a">5117</subfield></datafield></record></collection>